@inproceedings{houdini,
 author = {Flanagan, Cormac and Leino, K. Rustan M.},
 title = {Houdini, an Annotation Assistant for ESC/Java},
 booktitle = {Proceedings of the International Symposium of Formal Methods Europe on Formal Methods for Increasing Software Productivity},
 series = {FME '01},
 year = {2001},
 isbn = {3-540-41791-5},
 pages = {500--517},
 numpages = {18},
 url = {http://dl.acm.org/citation.cfm?id=647540.730008},
 acmid = {730008},
 publisher = {Springer-Verlag},
 address = {London, UK, UK},
} 

@inproceedings{esc,
 author = {Flanagan, Cormac and Leino, K. Rustan M. and Lillibridge, Mark and Nelson, Greg and Saxe, James B. and Stata, Raymie},
 title = {Extended Static Checking for Java},
 booktitle = {Proceedings of the ACM SIGPLAN 2002 Conference on Programming Language Design and Implementation},
 series = {PLDI '02},
 year = {2002},
 isbn = {1-58113-463-0},
 location = {Berlin, Germany},
 pages = {234--245},
 numpages = {12},
 url = {http://doi.acm.org/10.1145/512529.512558},
 doi = {10.1145/512529.512558},
 acmid = {512558},
 publisher = {ACM},
 address = {New York, NY, USA},
 keywords = {compile-time program checking},
} 

@inproceedings{compcert,
 author = {Leroy, Xavier},
 title = {Formal Certification of a Compiler Back-end or: Programming a Compiler with a Proof Assistant},
 booktitle = {Conference Record of the 33rd ACM SIGPLAN-SIGACT Symposium on Principles of Programming Languages},
 series = {POPL '06},
 year = {2006},
 isbn = {1-59593-027-2},
 location = {Charleston, South Carolina, USA},
 pages = {42--54},
 numpages = {13},
 url = {http://doi.acm.org/10.1145/1111037.1111042},
 doi = {10.1145/1111037.1111042},
 acmid = {1111042},
 publisher = {ACM},
 address = {New York, NY, USA},
 keywords = {certified compilation, compiler transformations and optimizations, program proof, semantic preservation, the Coq theorem prover},
} 

@inproceedings{paper,
 author = {Pavlinovic, Zvonimir and Lal, Akash and Sharma, Rahul},
 title = {Inferring Annotations for Device Drivers from Verification Histories},
 booktitle = {Proceedings of the 31st IEEE/ACM International Conference on Automated Software Engineering},
 series = {ASE 2016},
 year = {2016},
 isbn = {978-1-4503-3845-5},
 location = {Singapore, Singapore},
 pages = {450--460},
 numpages = {11},
 url = {http://doi.acm.org/10.1145/2970276.2970305},
 doi = {10.1145/2970276.2970305},
 acmid = {2970305},
 publisher = {ACM},
 address = {New York, NY, USA},
 keywords = {Big Code, Invariant generation, Learning invariants, Program verification, Verification history},
} 

@online{wespl,
title = {Grad PL},
url = {http://www.cs.virginia.edu/~weimer/2015-6610/lectures/weimer-gradpl-02.pdf}
}

@inproceedings{SDV,
 author = {Ball, Thomas and Bounimova, Ella and Levin, Vladimir and Kumar, Rahul and Lichtenberg, Jakob},
 title = {The Static Driver Verifier Research Platform},
 booktitle = {Proceedings of the 22Nd International Conference on Computer Aided Verification},
 series = {CAV'10},
 year = {2010},
 isbn = {3-642-14294-X, 978-3-642-14294-9},
 location = {Edinburgh, UK},
 pages = {119--122},
 numpages = {4},
 url = {http://dx.doi.org/10.1007/978-3-642-14295-6_11},
 doi = {10.1007/978-3-642-14295-6_11},
 acmid = {2144324},
 publisher = {Springer-Verlag},
 address = {Berlin, Heidelberg},
} 

@inproceedings{corral,
 author = {Lal, Akash and Qadeer, Shaz},
 title = {Powering the Static Driver Verifier Using Corral},
 booktitle = {Proceedings of the 22Nd ACM SIGSOFT International Symposium on Foundations of Software Engineering},
 series = {FSE 2014},
 year = {2014},
 isbn = {978-1-4503-3056-5},
 location = {Hong Kong, China},
 pages = {202--212},
 numpages = {11},
 url = {http://doi.acm.org/10.1145/2635868.2635894},
 doi = {10.1145/2635868.2635894},
 acmid = {2635894},
 publisher = {ACM},
 address = {New York, NY, USA},
 keywords = {Bitvector Reasoning, Device Drivers, Language Semantics, Loop Coverage, SMT, Software Verification},
}
