@misc{reynolds,
author = {John C. Reynolds},
title = {Separation Logic: A Logic for Shared Mutable Data Structures},
year = {2002},
OPTurl = {https://www.cs.cmu.edu/~jcr/seplogic.pdf}
}

@misc{ohearn,
author = {Peter W. O’Hearn},
title = {A Primer on Separation Logic (and Automatic Program Verification and
Analysis)},
year = {2011},
OPTurl = {http://www0.cs.ucl.ac.uk/staff/p.ohearn/papers/Marktoberdorf11LectureNotes.pdf}
}

@misc{ohearnintro, 
author = {Peter O’Hearn, John Reynolds, Hongseok Yang},
title = {A Local Reasoning about Programs that Alter
Data Structures},
year = {2001},
conference= {Proceedings of the 15th International Workshop on Computer Science Logic},
OPTurl = {http://www0.cs.ucl.ac.uk/staff/p.ohearn/papers/localreasoning.pdf}
}

@misc{symbolic1, 
author = {Josh Berdine, Cristiano Calcagno, Peter W. O’Hearn},
title = {Symbolic execution with separation logic},
year = {2005},
conference= {Proceedings of the Third Asian conference on Programming Languages and Systems},
OPTurl = {http://dl.acm.org/citation.cfm?id=2099715}
}

@misc{smalfoot1,
author = {Josh Berdine, Cristiano Calcagno, Peter W. O’Hearn},
title = {Smallfoot: modular automatic assertion checking with separation logic},
year = {2005},
conference= {Proceedings of the 4th international conference on Formal Methods for Components and Objects},
OPTurl = {http://dl.acm.org/citation.cfm?id=2090467}
}

@misc{slayer,
author = {Josh Berdine, Byron Cook, Samin Ishtiaq},
title = {SLAyer: Memory Safety for Systems-level Code},
year = {2011},
conference= {Proceedings of the 23rd international conference on Computer aided verification},
OPTurl = {http://dl.acm.org/citation.cfm?id=2032320}
}

@online{infer,
title = {Facebook Infer},
url = {http://fbinfer.com/}
}
